@misc{ instalar_Vaadin,
       author = "Vaadin",
       title = "Installing the Eclipse IDE and Plugin",
       note = "[Internet; descargado 26-septiembre-2020]",
       howpublished="\url{https://vaadin.com/docs/v8/framework/installing/installing-eclipse.html}"   
}

@misc{ instalar_Java,
	author = "Vaadin",
	title = "Installing Java SDK",
	note = "[Internet; descargado 26-septiembre-2020]",
	howpublished="\url{https://vaadin.com/docs/v8/framework/installing/installing-java.html}"   
}